@comment{x-kbibtex-personnameformatting=<%l><, %f>}

@other{Qt,
	author = "Corporation, Nokia",
	howpublished = "[online]",
	month = "11",
	note = "[dost\k{e}p 15 wrze{\'s}nia 2013]",
	title = "{Qt 5.1 Reference Documentation}",
	url = "http://qt-project.org/doc/qt-5.1/qtdoc/index.html",
	year = "2010"
}

@other{MioGps,
	author = "Ltd., Mio Technology UK",
	howpublished = "[online]",
	month = "01",
	note = "[dost\k{e}p 15 wrze{\'s}nia 2013]",
	title = "{GPS explained}",
	url = "http://eu.mio.com/en_gb/global-positioning-system_what-is-trilateration.htm",
	year = "2011"
}

@other{CPPStandard,
	author = "Committee, JTC1/SC22/WG21 - The C++ Standards",
	howpublished = "[online]",
	month = "01",
	note = "[dost\k{e}p 15 wrze{\'s}nia 2013]",
	title = "{ISO/IEC 14822 - standard c++}",
	url = "http://www.open-std.org/jtc1/sc22/wg21",
	year = "2011"
}

@other{FSF,
	author = "Foundation, Free Software",
	howpublished = "[online]",
	month = "01",
	note = "[dost\k{e}p 15 wrze{\'s}nia 2013]",
	title = "{Free Software Foundation}",
	url = "http://fsf.org",
	year = "2011"
}

@other{QSP,
	author = "Inc., Inbiza Systems",
	howpublished = "[online]",
	month = "10",
	note = "[dost\k{e}p 15 wrze{\'s}nia 2013]",
	title = "{Biblioteka QextSerialPort}",
	url = "https://code.google.com/p/qextserialport",
	year = "2010"
}

@other{PSEye,
	author = "America, Sony Computer Entertainment",
	howpublished = "[online]",
	month = "04",
	note = "[dost\k{e}p 15 wrze{\'s}nia 2013]",
	title = "{PLAYSTATION®Eye Brings Next-Generation Communication to PLAYSTATION®3}",
	url = "http://us.playstation.com/corporate/about/press-release/396.html",
	year = "2007"
}

@book{behuman,
	author = "Harper, Richard and Rodden, Tom and Sellen, Abigail",
	booktitle = "{Being Human: Human-Computer Interaction in the year 2020}",
	isbn = "978-0-9554761-1-2",
	publisher = "Microsoft Research Ltd",
	title = "{Being Human}",
	year = "2008"
}

@article{reachout,
	author = "Grudin, Jonathan",
	booktitle = "{CHI '90 Proceedings}",
	month = 04,
	pages = "261--268",
	title = "{The Computer Reaches Out: The Historical Continuity Of Interface Design}",
	year = "1990"
}

@inbook{movtar,
	author = "Grudin, Jonathan",
	month = "12",
	publisher = "Microsoft Corporation",
	title = "{A Moving Target - The Evolution of Human-Computer Interaction}",
	year = "2011"
}

@book{hcibook,
	author = "Dix, Alan and Finlay, Janet and Abowd, Gregory D. and Beale, Russel",
	edition = "3",
	isbn = "978-0-13-046109-4",
	publisher = "Pearson Education Limited",
	title = "{Human-Computer Interaction}",
	year = "2004"
}

@mastersthesis{inz,
	author = "Janiszewski, Micha{\l}",
	month = "01",
	publisher = "Politechnika {\L}{\'o}dzka",
	title = "{System {\'s}ledzenia ruchu palc{\'o}w 6DOF}",
	year = "2011"
}

